@misc{ReglesDames,
  title        = {Règles du Jeu de Dames International [en ligne]},
  howpublished = {Disponible sur : \url{http://www.ffjd.fr/Web/index.php?page=reglesdujeu}},
  note         = {consulté le 01/06/2022}
}
